@inproceedings{siek2007gradual,
  title={Gradual typing for objects},
  author={Siek, Jeremy and Taha, Walid},
  booktitle={European Conference on Object-Oriented Programming},
  pages={2--27},
  year={2007},
  organization={Springer}
}
@inproceedings{ina2011gradual,
	title={Gradual typing for generics},
	author={Ina, Lintaro and Igarashi, Atsushi},
	booktitle={ACM SIGPLAN Notices},
	volume={46},
	number={10},
	pages={609--624},
	year={2011},
	organization={ACM}
}
@inproceedings{siek2006gradual,
	title={Gradual typing for functional languages},
	author={Siek, Jeremy G and Taha, Walid},
	booktitle={Scheme and Functional Programming Workshop},
	volume={6},
	pages={81--92},
	year={2006}
}
@inproceedings{siek2015refined,
	title={Refined criteria for gradual typing},
	author={Siek, Jeremy G and Vitousek, Michael M and Cimini, Matteo and Boyland, John Tang},
	booktitle={LIPIcs-Leibniz International Proceedings in Informatics},
	volume={32},
	year={2015},
	organization={Schloss Dagstuhl-Leibniz-Zentrum fuer Informatik}
}
@inproceedings{vitousek2014design,
	title={Design and evaluation of gradual typing for Python},
	author={Vitousek, Michael M and Kent, Andrew M and Siek, Jeremy G and Baker, Jim},
	booktitle={ACM SIGPLAN Notices},
	volume={50},
	number={2},
	pages={45--56},
	year={2014},
	organization={ACM}
}
@article{allende2014gradual,
	title={Gradual typing for Smalltalk},
	author={Allende, Esteban and Calla{\'u}, Oscar and Fabry, Johan and Tanter, {\'E}ric and Denker, Marcus},
	journal={Science of Computer Programming},
	volume={96},
	pages={52--69},
	year={2014},
	publisher={Elsevier}
}
@article{tobin2008design,
	title={The design and implementation of typed scheme},
	author={Tobin-Hochstadt, Sam and Felleisen, Matthias},
	journal={ACM SIGPLAN Notices},
	volume={43},
	number={1},
	pages={395--406},
	year={2008},
	publisher={ACM}
}
@article{rastogi2015safe,
	title={Safe \& efficient gradual typing for TypeScript},
	author={Rastogi, Aseem and Swamy, Nikhil and Fournet, C{\'e}dric and Bierman, Gavin and Vekris, Panagiotis},
	journal={ACM SIGPLAN Notices},
	volume={50},
	number={1},
	pages={167--180},
	year={2015},
	publisher={ACM}
}
@inproceedings{bierman2010adding,
	title={Adding Dynamic Types to C $\^{}$\backslash$sharp$},
	author={Bierman, Gavin and Meijer, Erik and Torgersen, Mads},
	booktitle={European Conference on Object-Oriented Programming},
	pages={76--100},
	year={2010},
	organization={Springer}
}
@incollection{luca1997,
	author={Luca Cardelli},
	booktitle={The Computer Science and Engineering Handbook},
	publisher={CRC Press},
	year={1997},
	chapter={Type Systems}
}
@inproceedings{bierman2014understanding,
	title={Understanding typescript},
	author={Bierman, Gavin and Abadi, Mart{\'\i}n and Torgersen, Mads},
	booktitle={European Conference on Object-Oriented Programming},
	pages={257--281},
	year={2014},
	organization={Springer}
}
@article{tobin2008design,
	title={The design and implementation of typed scheme},
	author={Tobin-Hochstadt, Sam and Felleisen, Matthias},
	journal={ACM SIGPLAN Notices},
	volume={43},
	number={1},
	pages={395--406},
	year={2008},
	publisher={ACM}
}