@inproceedings{siek2007gradual,
  title={Gradual typing for objects},
  author={Siek, Jeremy and Taha, Walid},
  booktitle={European Conference on Object-Oriented Programming},
  pages={2--27},
  year={2007},
  organization={Springer}
}
@inproceedings{ina2011gradual,
	title={Gradual typing for generics},
	author={Ina, Lintaro and Igarashi, Atsushi},
	booktitle={ACM SIGPLAN Notices},
	volume={46},
	number={10},
	pages={609--624},
	year={2011},
	organization={ACM}
}
@inproceedings{siek2006gradual,
	title={Gradual typing for functional languages},
	author={Siek, Jeremy G and Taha, Walid},
	booktitle={Scheme and Functional Programming Workshop},
	volume={6},
	pages={81--92},
	year={2006}
}
